<record xmlns="http://www.loc.gov/MARC21/slim">
   <leader>02487nam a2200433 i 4500</leader>
   <controlfield tag="001">6741116</controlfield>
   <controlfield tag="003">CaPaEBR</controlfield>
   <controlfield tag="006">m     o  d        </controlfield>
   <controlfield tag="007">cr cn|||||||||</controlfield>
   <controlfield tag="008">140321t20152015nyuad   obf   001 0 eng|d</controlfield>
   <datafield ind1=" " ind2=" " tag="020">
      <subfield code="z">9781462517725 (hardback)</subfield>
   </datafield>
   <datafield ind1=" " ind2=" " tag="020">
      <subfield code="a">9781462517848 (e-book)</subfield>
   </datafield>
   <datafield ind1=" " ind2=" " tag="035">
      <subfield code="a">ocn896805671</subfield>
   </datafield>
   <datafield ind1=" " ind2=" " tag="039">
      <subfield code="a">exclude</subfield>
   </datafield>
   <datafield ind1=" " ind2=" " tag="040">
      <subfield code="a">CaPaEBR</subfield>
      <subfield code="b">eng</subfield>
      <subfield code="e">rda</subfield>
      <subfield code="e">pn</subfield>
      <subfield code="c">CaPaEBR</subfield>
      <subfield code="d">AEU</subfield>
   </datafield>
   <datafield ind1="1" ind2="4" tag="050">
      <subfield code="a">RJ496.A86</subfield>
      <subfield code="b">A883 2015eb</subfield>
   </datafield>
   <datafield ind1="0" ind2="4" tag="082">
      <subfield code="a">618.92/8589</subfield>
      <subfield code="2">23</subfield>
   </datafield>
   <datafield ind1=" " ind2=" " tag="090">
      <subfield code="a">Internet Access</subfield>
      <subfield code="b">AVC</subfield>
   </datafield>
   <datafield ind1="0" ind2="0" tag="245">
      <subfield code="a">Attention-deficit hyperactivity disorder :</subfield>
      <subfield code="b">a handbook for diagnosis and treatment.</subfield>
   </datafield>
   <datafield ind1=" " ind2=" " tag="250">
      <subfield code="a">Fourth edition /</subfield>
      <subfield code="b">edited by Russell A. Barkley.</subfield>
   </datafield>
   <datafield ind1=" " ind2="1" tag="264">
      <subfield code="a">New York :</subfield>
      <subfield code="b">The Guilford Press,</subfield>
      <subfield code="c">[2015]</subfield>
   </datafield>
   <datafield ind1=" " ind2="4" tag="264">
      <subfield code="c">©2015</subfield>
   </datafield>
   <datafield ind1=" " ind2=" " tag="300">
      <subfield code="a">1 online resource (914 pages) :</subfield>
      <subfield code="b">illustrations</subfield>
   </datafield>
   <datafield ind1=" " ind2=" " tag="336">
      <subfield code="a">text</subfield>
      <subfield code="2">rdacontent</subfield>
   </datafield>
   <datafield ind1=" " ind2=" " tag="337">
      <subfield code="a">computer</subfield>
      <subfield code="2">rdamedia</subfield>
   </datafield>
   <datafield ind1=" " ind2=" " tag="338">
      <subfield code="a">online resource</subfield>
      <subfield code="2">rdacarrier</subfield>
   </datafield>
   <datafield ind1=" " ind2=" " tag="504">
      <subfield code="a">Includes bibliographical references and index.</subfield>
   </datafield>
   <datafield ind1=" " ind2=" " tag="506">
      <subfield code="a">Access restricted to authorized users and institutions.</subfield>
   </datafield>
   <datafield ind1=" " ind2=" " tag="520">
      <subfield code="a">"This edition strives to extract from the mine of available scientific literature those nuggets of clinically important information regarding the nature, assessment, diagnosis, and management of attention-deficit/hyperactivity disorder in children, adolescents, and adults. The revised and expanded fourth edition of this user-friendly workbook provides a master set of the assessment and treatment forms, questionnaires, and handouts. Formatted for easy photocopying, many of these materials are available from no other source. Featured are interview forms and rating scales for use with parents, teachers, and adult clients; helpful checklists and fact sheets; daily school report cards for monitoring academic progress; and more"--</subfield>
      <subfield code="c">Provided by publisher.</subfield>
   </datafield>
   <datafield ind1=" " ind2=" " tag="588">
      <subfield code="a">Description based on print version record.</subfield>
   </datafield>
   <datafield ind1=" " ind2=" " tag="596">
      <subfield code="a">52</subfield>
   </datafield>
   <datafield ind1=" " ind2="0" tag="650">
      <subfield code="a">Attention-deficit hyperactivity disorder</subfield>
      <subfield code="v">Handbooks, manuals, etc.</subfield>
   </datafield>
   <datafield ind1=" " ind2="0" tag="650">
      <subfield code="a">Attention-deficit hyperactivity disorder</subfield>
      <subfield code="x">Treatment</subfield>
      <subfield code="v">Handbooks, manuals, etc.</subfield>
   </datafield>
   <datafield ind1=" " ind2="0" tag="650">
      <subfield code="a">Behavior therapy for children</subfield>
      <subfield code="v">Handbooks, manuals, etc.</subfield>
   </datafield>
   <datafield ind1="1" ind2=" " tag="700">
      <subfield code="a">Barkley, Russell A.,</subfield>
      <subfield code="d">1949-</subfield>
      <subfield code="e">editor.</subfield>
   </datafield>
   <datafield ind1="4" ind2="0" tag="856">
      <subfield code="3">Lakeland College Access</subfield>
      <subfield code="u">http://site.ebrary.com/lib/lakelandcollege/Doc?id=10962076</subfield>
   </datafield>
   <datafield ind1=" " ind2=" " tag="949">
      <subfield code="h">UAIN</subfield>
      <subfield code="m">LAKELND_LL</subfield>
      <subfield code="z">EBRARYLL</subfield>
   </datafield>
   <datafield ind1=" " ind2=" " tag="949">
      <subfield code="h">UAIN</subfield>
      <subfield code="m">LAKELND_VR</subfield>
      <subfield code="z">EBRARYLL</subfield>
   </datafield>
   <datafield ind1=" " ind2=" " tag="926">
      <subfield code="a">Internet Access</subfield>
      <subfield code="w">LC</subfield>
      <subfield code="c">1</subfield>
      <subfield code="i">6741116-1001</subfield>
      <subfield code="l">INTERNET</subfield>
      <subfield code="m">LAKELND_IN</subfield>
      <subfield code="r">Y</subfield>
      <subfield code="s">Y</subfield>
      <subfield code="t">E-RESOURCE</subfield>
      <subfield code="u">11/21/2014</subfield>
      <subfield code="x">E-BOOK</subfield>
      <subfield code="z">EBRARYLL</subfield>
   </datafield>
</record>
